[
  {
    "id": 18446281,
    "price": "0.08196500",
    "qty": "0.56600000",
    "time": 1515527818534,
    "isBuyerMaker": false,
    "isBestMatch": true
  },
  {
    "id": 18446282,
    "price": "0.08196500",
    "qty": "0.01500000",
    "time": 1515527818592,
    "isBuyerMaker": false,
    "isBestMatch": true
  },
  {
    "id": 18446283,
    "price": "0.08196500",
    "qty": "0.30500000",
    "time": 1515527818593,
    "isBuyerMaker": false,
    "isBestMatch": true
  },
  {
    "id": 18446284,
    "price": "0.08196500",
    "qty": "0.25200000",
    "time": 1515527818596,
    "isBuyerMaker": false,
    "isBestMatch": true
  },
  {
    "id": 18446285,
    "price": "0.08199200",
    "qty": "0.09700000",
    "time": 1515527818821,
    "isBuyerMaker": false,
    "isBestMatch": true
  },
  {
    "id": 18446286,
    "price": "0.08196500",
    "qty": "0.47800000",
    "time": 1515527818836,
    "isBuyerMaker": false,
    "isBestMatch": true
  },
  {
    "id": 18446287,
    "price": "0.08189300",
    "qty": "0.94400000",
    "time": 1515527819055,
    "isBuyerMaker": true,
    "isBestMatch": true
  },
  {
    "id": 18446288,
    "price": "0.08189300",
    "qty": "3.35900000",
    "time": 1515527819055,
    "isBuyerMaker": true,
    "isBestMatch": true
  },
  {
    "id": 18446289,
    "price": "0.08189300",
    "qty": "0.77100000",
    "time": 1515527819065,
    "isBuyerMaker": true,
    "isBestMatch": true
  },
  {
    "id": 18446290,
    "price": "0.08189300",
    "qty": "0.10500000",
    "time": 1515527819065,
    "isBuyerMaker": true,
    "isBestMatch": true
  },
  {
    "id": 18446291,
    "price": "0.08189200",
    "qty": "0.06000000",
    "time": 1515527819280,
    "isBuyerMaker": false,
    "isBestMatch": true
  },
  {
    "id": 18446292,
    "price": "0.08189100",
    "qty": "0.16400000",
    "time": 1515527819317,
    "isBuyerMaker": true,
    "isBestMatch": true
  },
  {
    "id": 18446293,
    "price": "0.08189200",
    "qty": "0.00100000",
    "time": 1515527819332,
    "isBuyerMaker": false,
    "isBestMatch": true
  },
  {
    "id": 18446294,
    "price": "0.08196500",
    "qty": "0.05900000",
    "time": 1515527819332,
    "isBuyerMaker": false,
    "isBestMatch": true
  },
  {
    "id": 18446295,
    "price": "0.08196500",
    "qty": "0.05800000",
    "time": 1515527819332,
    "isBuyerMaker": false,
    "isBestMatch": true
  },
  {
    "id": 18446296,
    "price": "0.08196500",
    "qty": "0.06000000",
    "time": 1515527819346,
    "isBuyerMaker": false,
    "isBestMatch": true
  },
  {
    "id": 18446297,
    "price": "0.08189300",
    "qty": "0.84900000",
    "time": 1515527820180,
    "isBuyerMaker": true,
    "isBestMatch": true
  },
  {
    "id": 18446298,
    "price": "0.08189300",
    "qty": "0.41500000",
    "time": 1515527820240,
    "isBuyerMaker": true,
    "isBestMatch": true
  },
  {
    "id": 18446299,
    "price": "0.08189300",
    "qty": "0.82600000",
    "time": 1515527820253,
    "isBuyerMaker": true,
    "isBestMatch": true
  },
  {
    "id": 18446300,
    "price": "0.08196500",
    "qty": "0.05400000",
    "time": 1515527820523,
    "isBuyerMaker": false,
    "isBestMatch": true
  },
  {
    "id": 18446301,
    "price": "0.08189300",
    "qty": "0.28400000",
    "time": 1515527820563,
    "isBuyerMaker": true,
    "isBestMatch": true
  },
  {
    "id": 18446302,
    "price": "0.08199100",
    "qty": "0.12200000",
    "time": 1515527820580,
    "isBuyerMaker": false,
    "isBestMatch": true
  },
  {
    "id": 18446303,
    "price": "0.08199000",
    "qty": "6.67100000",
    "time": 1515527820929,
    "isBuyerMaker": false,
    "isBestMatch": true
  },
  {
    "id": 18446304,
    "price": "0.08189300",
    "qty": "1.22200000",
    "time": 1515527821233,
    "isBuyerMaker": true,
    "isBestMatch": true
  },
  {
    "id": 18446305,
    "price": "0.08189300",
    "qty": "0.61700000",
    "time": 1515527821337,
    "isBuyerMaker": true,
    "isBestMatch": true
  },
  {
    "id": 18446306,
    "price": "0.08189400",
    "qty": "0.23900000",
    "time": 1515527821968,
    "isBuyerMaker": true,
    "isBestMatch": true
  },
  {
    "id": 18446307,
    "price": "0.08196500",
    "qty": "0.00100000",
    "time": 1515527822377,
    "isBuyerMaker": false,
    "isBestMatch": true
  },
  {
    "id": 18446308,
    "price": "0.08189500",
    "qty": "0.01600000",
    "time": 1515527823037,
    "isBuyerMaker": true,
    "isBestMatch": true
  },
  {
    "id": 18446309,
    "price": "0.08196500",
    "qty": "0.49100000",
    "time": 1515527823077,
    "isBuyerMaker": false,
    "isBestMatch": true
  },
  {
    "id": 18446310,
    "price": "0.08189400",
    "qty": "0.09300000",
    "time": 1515527823246,
    "isBuyerMaker": true,
    "isBestMatch": true
  },
  {
    "id": 18446311,
    "price": "0.08189500",
    "qty": "0.10600000",
    "time": 1515527823391,
    "isBuyerMaker": true,
    "isBestMatch": true
  },
  {
    "id": 18446312,
    "price": "0.08189400",
    "qty": "2.17600000",
    "time": 1515527823391,
    "isBuyerMaker": true,
    "isBestMatch": true
  },
  {
    "id": 18446313,
    "price": "0.08195200",
    "qty": "0.04700000",
    "time": 1515527823778,
    "isBuyerMaker": false,
    "isBestMatch": true
  },
  {
    "id": 18446314,
    "price": "0.08189500",
    "qty": "0.24900000",
    "time": 1515527824169,
    "isBuyerMaker": true,
    "isBestMatch": true
  },
  {
    "id": 18446315,
    "price": "0.08195200",
    "qty": "0.00300000",
    "time": 1515527824284,
    "isBuyerMaker": false,
    "isBestMatch": true
  },
  {
    "id": 18446316,
    "price": "0.08198800",
    "qty": "1.36200000",
    "time": 1515527824284,
    "isBuyerMaker": false,
    "isBestMatch": true
  },
  {
    "id": 18446317,
    "price": "0.08189400",
    "qty": "0.05800000",
    "time": 1515527824319,
    "isBuyerMaker": true,
    "isBestMatch": true
  },
  {
    "id": 18446318,
    "price": "0.08194100",
    "qty": "0.09900000",
    "time": 1515527824913,
    "isBuyerMaker": false,
    "isBestMatch": true
  },
  {
    "id": 18446319,
    "price": "0.08189600",
    "qty": "0.14600000",
    "time": 1515527825158,
    "isBuyerMaker": true,
    "isBestMatch": true
  },
  {
    "id": 18446320,
    "price": "0.08189600",
    "qty": "0.15500000",
    "time": 1515527825198,
    "isBuyerMaker": true,
    "isBestMatch": true
  },
  {
    "id": 18446321,
    "price": "0.08189500",
    "qty": "0.03700000",
    "time": 1515527825311,
    "isBuyerMaker": true,
    "isBestMatch": true
  },
  {
    "id": 18446322,
    "price": "0.08189600",
    "qty": "0.15500000",
    "time": 1515527825369,
    "isBuyerMaker": false,
    "isBestMatch": true
  },
  {
    "id": 18446323,
    "price": "0.08189600",
    "qty": "0.11700000",
    "time": 1515527825377,
    "isBuyerMaker": true,
    "isBestMatch": true
  },
  {
    "id": 18446324,
    "price": "0.08194100",
    "qty": "0.00100000",
    "time": 1515527826070,
    "isBuyerMaker": false,
    "isBestMatch": true
  },
  {
    "id": 18446325,
    "price": "0.08194900",
    "qty": "0.09900000",
    "time": 1515527826107,
    "isBuyerMaker": true,
    "isBestMatch": true
  },
  {
    "id": 18446326,
    "price": "0.08189700",
    "qty": "0.01700000",
    "time": 1515527826107,
    "isBuyerMaker": true,
    "isBestMatch": true
  },
  {
    "id": 18446327,
    "price": "0.08189700",
    "qty": "0.39300000",
    "time": 1515527826194,
    "isBuyerMaker": true,
    "isBestMatch": true
  },
  {
    "id": 18446328,
    "price": "0.08189700",
    "qty": "0.04300000",
    "time": 1515527826225,
    "isBuyerMaker": true,
    "isBestMatch": true
  },
  {
    "id": 18446329,
    "price": "0.08189700",
    "qty": "1.00800000",
    "time": 1515527826453,
    "isBuyerMaker": true,
    "isBestMatch": true
  },
  {
    "id": 18446330,
    "price": "0.08195000",
    "qty": "0.86200000",
    "time": 1515527827102,
    "isBuyerMaker": false,
    "isBestMatch": true
  },
  {
    "id": 18446331,
    "price": "0.08189800",
    "qty": "0.01400000",
    "time": 1515527827237,
    "isBuyerMaker": true,
    "isBestMatch": true
  },
  {
    "id": 18446332,
    "price": "0.08195000",
    "qty": "1.83700000",
    "time": 1515527827293,
    "isBuyerMaker": false,
    "isBestMatch": true
  },
  {
    "id": 18446333,
    "price": "0.08195000",
    "qty": "0.10300000",
    "time": 1515527827551,
    "isBuyerMaker": false,
    "isBestMatch": true
  },
  {
    "id": 18446334,
    "price": "0.08195000",
    "qty": "0.68300000",
    "time": 1515527827569,
    "isBuyerMaker": false,
    "isBestMatch": true
  },
  {
    "id": 18446335,
    "price": "0.08196500",
    "qty": "0.14200000",
    "time": 1515527827642,
    "isBuyerMaker": true,
    "isBestMatch": true
  },
  {
    "id": 18446336,
    "price": "0.08196500",
    "qty": "0.04700000",
    "time": 1515527827767,
    "isBuyerMaker": true,
    "isBestMatch": true
  },
  {
    "id": 18446337,
    "price": "0.08196500",
    "qty": "0.12800000",
    "time": 1515527827822,
    "isBuyerMaker": true,
    "isBestMatch": true
  },
  {
    "id": 18446338,
    "price": "0.08189800",
    "qty": "0.04600000",
    "time": 1515527827822,
    "isBuyerMaker": true,
    "isBestMatch": true
  },
  {
    "id": 18446339,
    "price": "0.08189800",
    "qty": "0.12700000",
    "time": 1515527827856,
    "isBuyerMaker": true,
    "isBestMatch": true
  },
  {
    "id": 18446340,
    "price": "0.08189800",
    "qty": "0.12400000",
    "time": 1515527828029,
    "isBuyerMaker": true,
    "isBestMatch": true
  },
  {
    "id": 18446341,
    "price": "0.08189800",
    "qty": "0.12500000",
    "time": 1515527828051,
    "isBuyerMaker": true,
    "isBestMatch": true
  },
  {
    "id": 18446342,
    "price": "0.08189800",
    "qty": "0.09300000",
    "time": 1515527828154,
    "isBuyerMaker": true,
    "isBestMatch": true
  },
  {
    "id": 18446343,
    "price": "0.08198500",
    "qty": "0.03700000",
    "time": 1515527828156,
    "isBuyerMaker": false,
    "isBestMatch": true
  },
  {
    "id": 18446344,
    "price": "0.08198500",
    "qty": "0.22400000",
    "time": 1515527828156,
    "isBuyerMaker": false,
    "isBestMatch": true
  },
  {
    "id": 18446345,
    "price": "0.08189800",
    "qty": "0.03000000",
    "time": 1515527828245,
    "isBuyerMaker": true,
    "isBestMatch": true
  },
  {
    "id": 18446346,
    "price": "0.08189800",
    "qty": "0.10000000",
    "time": 1515527828559,
    "isBuyerMaker": true,
    "isBestMatch": true
  },
  {
    "id": 18446347,
    "price": "0.08189800",
    "qty": "0.13000000",
    "time": 1515527828667,
    "isBuyerMaker": true,
    "isBestMatch": true
  },
  {
    "id": 18446348,
    "price": "0.08189700",
    "qty": "0.22900000",
    "time": 1515527828705,
    "isBuyerMaker": true,
    "isBestMatch": true
  },
  {
    "id": 18446349,
    "price": "0.08189700",
    "qty": "0.11800000",
    "time": 1515527829134,
    "isBuyerMaker": true,
    "isBestMatch": true
  },
  {
    "id": 18446350,
    "price": "0.08189800",
    "qty": "1.22300000",
    "time": 1515527829255,
    "isBuyerMaker": true,
    "isBestMatch": true
  },
  {
    "id": 18446351,
    "price": "0.08189800",
    "qty": "0.94700000",
    "time": 1515527829395,
    "isBuyerMaker": true,
    "isBestMatch": true
  },
  {
    "id": 18446352,
    "price": "0.08189800",
    "qty": "0.00100000",
    "time": 1515527829430,
    "isBuyerMaker": true,
    "isBestMatch": true
  },
  {
    "id": 18446353,
    "price": "0.08189700",
    "qty": "0.26500000",
    "time": 1515527829430,
    "isBuyerMaker": true,
    "isBestMatch": true
  },
  {
    "id": 18446354,
    "price": "0.08189700",
    "qty": "0.55200000",
    "time": 1515527829439,
    "isBuyerMaker": true,
    "isBestMatch": true
  },
  {
    "id": 18446355,
    "price": "0.08189700",
    "qty": "0.11000000",
    "time": 1515527830022,
    "isBuyerMaker": true,
    "isBestMatch": true
  },
  {
    "id": 18446356,
    "price": "0.08189900",
    "qty": "0.12100000",
    "time": 1515527830109,
    "isBuyerMaker": true,
    "isBestMatch": true
  },
  {
    "id": 18446357,
    "price": "0.08189700",
    "qty": "1.10200000",
    "time": 1515527830109,
    "isBuyerMaker": true,
    "isBestMatch": true
  },
  {
    "id": 18446358,
    "price": "0.08189700",
    "qty": "0.75500000",
    "time": 1515527830216,
    "isBuyerMaker": true,
    "isBestMatch": true
  },
  {
    "id": 18446359,
    "price": "0.08189900",
    "qty": "0.03100000",
    "time": 1515527830729,
    "isBuyerMaker": true,
    "isBestMatch": true
  },
  {
    "id": 18446360,
    "price": "0.08189900",
    "qty": "1.97900000",
    "time": 1515527830771,
    "isBuyerMaker": true,
    "isBestMatch": true
  },
  {
    "id": 18446361,
    "price": "0.08189900",
    "qty": "0.05400000",
    "time": 1515527830771,
    "isBuyerMaker": true,
    "isBestMatch": true
  },
  {
    "id": 18446362,
    "price": "0.08189800",
    "qty": "0.85000000",
    "time": 1515527830771,
    "isBuyerMaker": true,
    "isBestMatch": true
  },
  {
    "id": 18446363,
    "price": "0.08189800",
    "qty": "2.67700000",
    "time": 1515527831034,
    "isBuyerMaker": true,
    "isBestMatch": true
  },
  {
    "id": 18446364,
    "price": "0.08198200",
    "qty": "0.42300000",
    "time": 1515527832252,
    "isBuyerMaker": false,
    "isBestMatch": true
  },
  {
    "id": 18446365,
    "price": "0.08198200",
    "qty": "8.46800000",
    "time": 1515527832339,
    "isBuyerMaker": false,
    "isBestMatch": true
  },
  {
    "id": 18446366,
    "price": "0.08198200",
    "qty": "0.24900000",
    "time": 1515527832339,
    "isBuyerMaker": false,
    "isBestMatch": true
  },
  {
    "id": 18446367,
    "price": "0.08198200",
    "qty": "7.98000000",
    "time": 1515527832339,
    "isBuyerMaker": false,
    "isBestMatch": true
  },
  {
    "id": 18446368,
    "price": "0.08198300",
    "qty": "2.49600000",
    "time": 1515527832339,
    "isBuyerMaker": false,
    "isBestMatch": true
  },
  {
    "id": 18446369,
    "price": "0.08198900",
    "qty": "1.55500000",
    "time": 1515527832339,
    "isBuyerMaker": false,
    "isBestMatch": true
  },
  {
    "id": 18446370,
    "price": "0.08198900",
    "qty": "2.50800000",
    "time": 1515527832339,
    "isBuyerMaker": false,
    "isBestMatch": true
  },
  {
    "id": 18446371,
    "price": "0.08198900",
    "qty": "1.55000000",
    "time": 1515527832441,
    "isBuyerMaker": true,
    "isBestMatch": true
  },
  {
    "id": 18446372,
    "price": "0.08198900",
    "qty": "1.27500000",
    "time": 1515527832450,
    "isBuyerMaker": true,
    "isBestMatch": true
  },
  {
    "id": 18446373,
    "price": "0.08198900",
    "qty": "0.24600000",
    "time": 1515527832455,
    "isBuyerMaker": true,
    "isBestMatch": true
  },
  {
    "id": 18446374,
    "price": "0.08189800",
    "qty": "1.67100000",
    "time": 1515527832455,
    "isBuyerMaker": true,
    "isBestMatch": true
  },
  {
    "id": 18446375,
    "price": "0.08189800",
    "qty": "0.07100000",
    "time": 1515527832461,
    "isBuyerMaker": true,
    "isBestMatch": true
  },
  {
    "id": 18446376,
    "price": "0.08189800",
    "qty": "0.18100000",
    "time": 1515527832468,
    "isBuyerMaker": true,
    "isBestMatch": true
  },
  {
    "id": 18446377,
    "price": "0.08189800",
    "qty": "0.64500000",
    "time": 1515527832686,
    "isBuyerMaker": true,
    "isBestMatch": true
  },
  {
    "id": 18446378,
    "price": "0.08189800",
    "qty": "0.30600000",
    "time": 1515527832813,
    "isBuyerMaker": true,
    "isBestMatch": true
  },
  {
    "id": 18446379,
    "price": "0.08189900",
    "qty": "0.37900000",
    "time": 1515527833049,
    "isBuyerMaker": true,
    "isBestMatch": true
  },
  {
    "id": 18446380,
    "price": "0.08189900",
    "qty": "0.06000000",
    "time": 1515527833398,
    "isBuyerMaker": true,
    "isBestMatch": true
  },
  {
    "id": 18446381,
    "price": "0.08195000",
    "qty": "0.29000000",
    "time": 1515527833465,
    "isBuyerMaker": false,
    "isBestMatch": true
  },
  {
    "id": 18446382,
    "price": "0.08189900",
    "qty": "0.07300000",
    "time": 1515527833479,
    "isBuyerMaker": true,
    "isBestMatch": true
  },
  {
    "id": 18446383,
    "price": "0.08190000",
    "qty": "0.02800000",
    "time": 1515527834198,
    "isBuyerMaker": true,
    "isBestMatch": true
  },
  {
    "id": 18446384,
    "price": "0.08190000",
    "qty": "0.35400000",
    "time": 1515527834314,
    "isBuyerMaker": true,
    "isBestMatch": true
  },
  {
    "id": 18446385,
    "price": "0.08190000",
    "qty": "1.33300000",
    "time": 1515527834316,
    "isBuyerMaker": true,
    "isBestMatch": true
  },
  {
    "id": 18446386,
    "price": "0.08190000",
    "qty": "0.33000000",
    "time": 1515527834316,
    "isBuyerMaker": true,
    "isBestMatch": true
  },
  {
    "id": 18446387,
    "price": "0.08189900",
    "qty": "0.86300000",
    "time": 1515527834316,
    "isBuyerMaker": true,
    "isBestMatch": true
  },
  {
    "id": 18446388,
    "price": "0.08195000",
    "qty": "0.00100000",
    "time": 1515527834522,
    "isBuyerMaker": false,
    "isBestMatch": true
  },
  {
    "id": 18446389,
    "price": "0.08198400",
    "qty": "0.09800000",
    "time": 1515527834578,
    "isBuyerMaker": true,
    "isBestMatch": true
  },
  {
    "id": 18446390,
    "price": "0.08189900",
    "qty": "0.33800000",
    "time": 1515527834578,
    "isBuyerMaker": true,
    "isBestMatch": true
  },
  {
    "id": 18446391,
    "price": "0.08199000",
    "qty": "0.03700000",
    "time": 1515527834613,
    "isBuyerMaker": false,
    "isBestMatch": true
  },
  {
    "id": 18446392,
    "price": "0.08189900",
    "qty": "0.85300000",
    "time": 1515527835093,
    "isBuyerMaker": true,
    "isBestMatch": true
  },
  {
    "id": 18446393,
    "price": "0.08198900",
    "qty": "0.43900000",
    "time": 1515527836094,
    "isBuyerMaker": false,
    "isBestMatch": true
  },
  {
    "id": 18446394,
    "price": "0.08198900",
    "qty": "0.64500000",
    "time": 1515527836094,
    "isBuyerMaker": false,
    "isBestMatch": true
  },
  {
    "id": 18446395,
    "price": "0.08190000",
    "qty": "1.22600000",
    "time": 1515527836155,
    "isBuyerMaker": true,
    "isBestMatch": true
  },
  {
    "id": 18446396,
    "price": "0.08190100",
    "qty": "2.49800000",
    "time": 1515527836268,
    "isBuyerMaker": true,
    "isBestMatch": true
  },
  {
    "id": 18446397,
    "price": "0.08190000",
    "qty": "5.18700000",
    "time": 1515527836268,
    "isBuyerMaker": true,
    "isBestMatch": true
  },
  {
    "id": 18446398,
    "price": "0.08198200",
    "qty": "0.07100000",
    "time": 1515527836611,
    "isBuyerMaker": false,
    "isBestMatch": true
  },
  {
    "id": 18446399,
    "price": "0.08198400",
    "qty": "0.04400000",
    "time": 1515527836611,
    "isBuyerMaker": false,
    "isBestMatch": true
  },
  {
    "id": 18446400,
    "price": "0.08190100",
    "qty": "1.77400000",
    "time": 1515527836636,
    "isBuyerMaker": true,
    "isBestMatch": true
  },
  {
    "id": 18446401,
    "price": "0.08198400",
    "qty": "0.03800000",
    "time": 1515527836706,
    "isBuyerMaker": false,
    "isBestMatch": true
  },
  {
    "id": 18446402,
    "price": "0.08190100",
    "qty": "0.49800000",
    "time": 1515527836755,
    "isBuyerMaker": true,
    "isBestMatch": true
  },
  {
    "id": 18446403,
    "price": "0.08190200",
    "qty": "0.49800000",
    "time": 1515527837069,
    "isBuyerMaker": true,
    "isBestMatch": true
  },
  {
    "id": 18446404,
    "price": "0.08198400",
    "qty": "0.03800000",
    "time": 1515527837186,
    "isBuyerMaker": false,
    "isBestMatch": true
  },
  {
    "id": 18446405,
    "price": "0.08190200",
    "qty": "1.22600000",
    "time": 1515527837203,
    "isBuyerMaker": true,
    "isBestMatch": true
  },
  {
    "id": 18446406,
    "price": "0.08190200",
    "qty": "1.76300000",
    "time": 1515527837318,
    "isBuyerMaker": true,
    "isBestMatch": true
  },
  {
    "id": 18446407,
    "price": "0.08198400",
    "qty": "0.20600000",
    "time": 1515527837319,
    "isBuyerMaker": false,
    "isBestMatch": true
  },
  {
    "id": 18446408,
    "price": "0.08190200",
    "qty": "10.69400000",
    "time": 1515527837331,
    "isBuyerMaker": true,
    "isBestMatch": true
  },
  {
    "id": 18446409,
    "price": "0.08198300",
    "qty": "0.49800000",
    "time": 1515527837406,
    "isBuyerMaker": false,
    "isBestMatch": true
  },
  {
    "id": 18446410,
    "price": "0.08198400",
    "qty": "0.78000000",
    "time": 1515527837406,
    "isBuyerMaker": false,
    "isBestMatch": true
  },
  {
    "id": 18446411,
    "price": "0.08198400",
    "qty": "0.29200000",
    "time": 1515527837692,
    "isBuyerMaker": false,
    "isBestMatch": true
  },
  {
    "id": 18446412,
    "price": "0.08198400",
    "qty": "0.00300000",
    "time": 1515527838632,
    "isBuyerMaker": false,
    "isBestMatch": true
  },
  {
    "id": 18446413,
    "price": "0.08198700",
    "qty": "0.05800000",
    "time": 1515527838632,
    "isBuyerMaker": false,
    "isBestMatch": true
  },
  {
    "id": 18446414,
    "price": "0.08199100",
    "qty": "0.29800000",
    "time": 1515527838632,
    "isBuyerMaker": false,
    "isBestMatch": true
  },
  {
    "id": 18446415,
    "price": "0.08199100",
    "qty": "1.87300000",
    "time": 1515527839788,
    "isBuyerMaker": false,
    "isBestMatch": true
  },
  {
    "id": 18446416,
    "price": "0.08199200",
    "qty": "2.04500000",
    "time": 1515527839788,
    "isBuyerMaker": false,
    "isBestMatch": true
  },
  {
    "id": 18446417,
    "price": "0.08199300",
    "qty": "3.52200000",
    "time": 1515527839788,
    "isBuyerMaker": false,
    "isBestMatch": true
  },
  {
    "id": 18446418,
    "price": "0.08199300",
    "qty": "2.49800000",
    "time": 1515527839803,
    "isBuyerMaker": true,
    "isBestMatch": true
  },
  {
    "id": 18446419,
    "price": "0.08199300",
    "qty": "0.28200000",
    "time": 1515527839958,
    "isBuyerMaker": true,
    "isBestMatch": true
  },
  {
    "id": 18446420,
    "price": "0.08199300",
    "qty": "0.35000000",
    "time": 1515527839960,
    "isBuyerMaker": true,
    "isBestMatch": true
  },
  {
    "id": 18446421,
    "price": "0.08199300",
    "qty": "4.02400000",
    "time": 1515527840042,
    "isBuyerMaker": true,
    "isBestMatch": true
  },
  {
    "id": 18446422,
    "price": "0.08199300",
    "qty": "0.20100000",
    "time": 1515527840063,
    "isBuyerMaker": true,
    "isBestMatch": true
  },
  {
    "id": 18446423,
    "price": "0.08199300",
    "qty": "0.69100000",
    "time": 1515527840067,
    "isBuyerMaker": true,
    "isBestMatch": true
  },
  {
    "id": 18446424,
    "price": "0.08199300",
    "qty": "0.69100000",
    "time": 1515527840082,
    "isBuyerMaker": true,
    "isBestMatch": true
  },
  {
    "id": 18446425,
    "price": "0.08199300",
    "qty": "0.32200000",
    "time": 1515527840160,
    "isBuyerMaker": true,
    "isBestMatch": true
  },
  {
    "id": 18446426,
    "price": "0.08199300",
    "qty": "0.39800000",
    "time": 1515527840221,
    "isBuyerMaker": true,
    "isBestMatch": true
  },
  {
    "id": 18446427,
    "price": "0.08199300",
    "qty": "0.10300000",
    "time": 1515527840222,
    "isBuyerMaker": true,
    "isBestMatch": true
  },
  {
    "id": 18446428,
    "price": "0.08190500",
    "qty": "0.05800000",
    "time": 1515527840222,
    "isBuyerMaker": true,
    "isBestMatch": true
  },
  {
    "id": 18446429,
    "price": "0.08190400",
    "qty": "0.20000000",
    "time": 1515527840222,
    "isBuyerMaker": true,
    "isBestMatch": true
  },
  {
    "id": 18446430,
    "price": "0.08190400",
    "qty": "0.07300000",
    "time": 1515527840245,
    "isBuyerMaker": true,
    "isBestMatch": true
  },
  {
    "id": 18446431,
    "price": "0.08190400",
    "qty": "0.02600000",
    "time": 1515527840259,
    "isBuyerMaker": true,
    "isBestMatch": true
  },
  {
    "id": 18446432,
    "price": "0.08190300",
    "qty": "0.00500000",
    "time": 1515527840259,
    "isBuyerMaker": true,
    "isBestMatch": true
  },
  {
    "id": 18446433,
    "price": "0.08190300",
    "qty": "1.01400000",
    "time": 1515527840270,
    "isBuyerMaker": true,
    "isBestMatch": true
  },
  {
    "id": 18446434,
    "price": "0.08190300",
    "qty": "0.20800000",
    "time": 1515527840270,
    "isBuyerMaker": true,
    "isBestMatch": true
  },
  {
    "id": 18446435,
    "price": "0.08199500",
    "qty": "0.03700000",
    "time": 1515527840409,
    "isBuyerMaker": false,
    "isBestMatch": true
  },
  {
    "id": 18446436,
    "price": "0.08190300",
    "qty": "0.19800000",
    "time": 1515527840409,
    "isBuyerMaker": true,
    "isBestMatch": true
  },
  {
    "id": 18446437,
    "price": "0.08190300",
    "qty": "0.08700000",
    "time": 1515527840412,
    "isBuyerMaker": true,
    "isBestMatch": true
  },
  {
    "id": 18446438,
    "price": "0.08190300",
    "qty": "1.65600000",
    "time": 1515527840560,
    "isBuyerMaker": true,
    "isBestMatch": true
  },
  {
    "id": 18446439,
    "price": "0.08190300",
    "qty": "1.78600000",
    "time": 1515527841486,
    "isBuyerMaker": true,
    "isBestMatch": true
  },
  {
    "id": 18446440,
    "price": "0.08194100",
    "qty": "0.01800000",
    "time": 1515527841543,
    "isBuyerMaker": false,
    "isBestMatch": true
  },
  {
    "id": 18446441,
    "price": "0.08194100",
    "qty": "0.03600000",
    "time": 1515527841560,
    "isBuyerMaker": false,
    "isBestMatch": true
  },
  {
    "id": 18446442,
    "price": "0.08194100",
    "qty": "0.04600000",
    "time": 1515527841624,
    "isBuyerMaker": false,
    "isBestMatch": true
  },
  {
    "id": 18446443,
    "price": "0.08198900",
    "qty": "0.03700000",
    "time": 1515527841624,
    "isBuyerMaker": false,
    "isBestMatch": true
  },
  {
    "id": 18446444,
    "price": "0.08198500",
    "qty": "0.03000000",
    "time": 1515527841888,
    "isBuyerMaker": false,
    "isBestMatch": true
  },
  {
    "id": 18446445,
    "price": "0.08190400",
    "qty": "2.20900000",
    "time": 1515527842005,
    "isBuyerMaker": true,
    "isBestMatch": true
  },
  {
    "id": 18446446,
    "price": "0.08198500",
    "qty": "0.08000000",
    "time": 1515527842599,
    "isBuyerMaker": false,
    "isBestMatch": true
  },
  {
    "id": 18446447,
    "price": "0.08190500",
    "qty": "0.09300000",
    "time": 1515527842907,
    "isBuyerMaker": true,
    "isBestMatch": true
  },
  {
    "id": 18446448,
    "price": "0.08198700",
    "qty": "0.08500000",
    "time": 1515527842953,
    "isBuyerMaker": false,
    "isBestMatch": true
  },
  {
    "id": 18446449,
    "price": "0.08190500",
    "qty": "0.18000000",
    "time": 1515527843136,
    "isBuyerMaker": true,
    "isBestMatch": true
  },
  {
    "id": 18446450,
    "price": "0.08198700",
    "qty": "0.20800000",
    "time": 1515527843159,
    "isBuyerMaker": false,
    "isBestMatch": true
  },
  {
    "id": 18446451,
    "price": "0.08190500",
    "qty": "0.41800000",
    "time": 1515527843301,
    "isBuyerMaker": true,
    "isBestMatch": true
  },
  {
    "id": 18446452,
    "price": "0.08190500",
    "qty": "0.26500000",
    "time": 1515527843593,
    "isBuyerMaker": true,
    "isBestMatch": true
  },
  {
    "id": 18446453,
    "price": "0.08196500",
    "qty": "0.16900000",
    "time": 1515527843832,
    "isBuyerMaker": true,
    "isBestMatch": true
  },
  {
    "id": 18446454,
    "price": "0.08196500",
    "qty": "0.00100000",
    "time": 1515527844475,
    "isBuyerMaker": true,
    "isBestMatch": true
  },
  {
    "id": 18446455,
    "price": "0.08190500",
    "qty": "0.10700000",
    "time": 1515527844475,
    "isBuyerMaker": true,
    "isBestMatch": true
  },
  {
    "id": 18446456,
    "price": "0.08190500",
    "qty": "0.10000000",
    "time": 1515527844586,
    "isBuyerMaker": true,
    "isBestMatch": true
  },
  {
    "id": 18446457,
    "price": "0.08190500",
    "qty": "0.08200000",
    "time": 1515527845120,
    "isBuyerMaker": true,
    "isBestMatch": true
  },
  {
    "id": 18446458,
    "price": "0.08190500",
    "qty": "0.02700000",
    "time": 1515527845204,
    "isBuyerMaker": true,
    "isBestMatch": true
  },
  {
    "id": 18446459,
    "price": "0.08198700",
    "qty": "0.00600000",
    "time": 1515527845603,
    "isBuyerMaker": false,
    "isBestMatch": true
  },
  {
    "id": 18446460,
    "price": "0.08198700",
    "qty": "0.12900000",
    "time": 1515527845603,
    "isBuyerMaker": false,
    "isBestMatch": true
  },
  {
    "id": 18446461,
    "price": "0.08198900",
    "qty": "2.23500000",
    "time": 1515527845785,
    "isBuyerMaker": false,
    "isBestMatch": true
  },
  {
    "id": 18446462,
    "price": "0.08199500",
    "qty": "0.93700000",
    "time": 1515527845785,
    "isBuyerMaker": false,
    "isBestMatch": true
  },
  {
    "id": 18446463,
    "price": "0.08199700",
    "qty": "2.25200000",
    "time": 1515527845785,
    "isBuyerMaker": false,
    "isBestMatch": true
  },
  {
    "id": 18446464,
    "price": "0.08199800",
    "qty": "1.20800000",
    "time": 1515527845785,
    "isBuyerMaker": false,
    "isBestMatch": true
  },
  {
    "id": 18446465,
    "price": "0.08190600",
    "qty": "0.30200000",
    "time": 1515527846141,
    "isBuyerMaker": true,
    "isBestMatch": true
  },
  {
    "id": 18446466,
    "price": "0.08190600",
    "qty": "0.02700000",
    "time": 1515527846159,
    "isBuyerMaker": true,
    "isBestMatch": true
  },
  {
    "id": 18446467,
    "price": "0.08190600",
    "qty": "0.08600000",
    "time": 1515527846206,
    "isBuyerMaker": true,
    "isBestMatch": true
  },
  {
    "id": 18446468,
    "price": "0.08190800",
    "qty": "1.23000000",
    "time": 1515527848119,
    "isBuyerMaker": true,
    "isBestMatch": true
  },
  {
    "id": 18446469,
    "price": "0.08190800",
    "qty": "1.89600000",
    "time": 1515527848211,
    "isBuyerMaker": true,
    "isBestMatch": true
  },
  {
    "id": 18446470,
    "price": "0.08199200",
    "qty": "0.33300000",
    "time": 1515527848853,
    "isBuyerMaker": false,
    "isBestMatch": true
  },
  {
    "id": 18446471,
    "price": "0.08190800",
    "qty": "0.01300000",
    "time": 1515527849721,
    "isBuyerMaker": true,
    "isBestMatch": true
  },
  {
    "id": 18446472,
    "price": "0.08199200",
    "qty": "0.08200000",
    "time": 1515527850698,
    "isBuyerMaker": false,
    "isBestMatch": true
  },
  {
    "id": 18446473,
    "price": "0.08199400",
    "qty": "0.05800000",
    "time": 1515527850698,
    "isBuyerMaker": false,
    "isBestMatch": true
  },
  {
    "id": 18446474,
    "price": "0.08199600",
    "qty": "2.20900000",
    "time": 1515527850698,
    "isBuyerMaker": false,
    "isBestMatch": true
  },
  {
    "id": 18446475,
    "price": "0.08199800",
    "qty": "3.51700000",
    "time": 1515527850698,
    "isBuyerMaker": false,
    "isBestMatch": true
  },
  {
    "id": 18446476,
    "price": "0.08191000",
    "qty": "0.91400000",
    "time": 1515527850698,
    "isBuyerMaker": true,
    "isBestMatch": true
  },
  {
    "id": 18446477,
    "price": "0.08199800",
    "qty": "0.12100000",
    "time": 1515527850852,
    "isBuyerMaker": false,
    "isBestMatch": true
  },
  {
    "id": 18446478,
    "price": "0.08199800",
    "qty": "0.12900000",
    "time": 1515527851095,
    "isBuyerMaker": false,
    "isBestMatch": true
  },
  {
    "id": 18446479,
    "price": "0.08191100",
    "qty": "0.28800000",
    "time": 1515527852217,
    "isBuyerMaker": true,
    "isBestMatch": true
  },
  {
    "id": 18446480,
    "price": "0.08191100",
    "qty": "1.23200000",
    "time": 1515527852229,
    "isBuyerMaker": true,
    "isBestMatch": true
  },
  {
    "id": 18446481,
    "price": "0.08191100",
    "qty": "1.12400000",
    "time": 1515527852300,
    "isBuyerMaker": true,
    "isBestMatch": true
  },
  {
    "id": 18446482,
    "price": "0.08199700",
    "qty": "0.02500000",
    "time": 1515527852318,
    "isBuyerMaker": false,
    "isBestMatch": true
  },
  {
    "id": 18446483,
    "price": "0.08199700",
    "qty": "0.01900000",
    "time": 1515527852421,
    "isBuyerMaker": false,
    "isBestMatch": true
  },
  {
    "id": 18446484,
    "price": "0.08199700",
    "qty": "0.32800000",
    "time": 1515527852648,
    "isBuyerMaker": false,
    "isBestMatch": true
  },
  {
    "id": 18446485,
    "price": "0.08191200",
    "qty": "0.05200000",
    "time": 1515527852752,
    "isBuyerMaker": true,
    "isBestMatch": true
  },
  {
    "id": 18446486,
    "price": "0.08195400",
    "qty": "6.59400000",
    "time": 1515527852762,
    "isBuyerMaker": false,
    "isBestMatch": true
  },
  {
    "id": 18446487,
    "price": "0.08199700",
    "qty": "5.19800000",
    "time": 1515527852789,
    "isBuyerMaker": false,
    "isBestMatch": true
  },
  {
    "id": 18446488,
    "price": "0.08199700",
    "qty": "0.37200000",
    "time": 1515527852789,
    "isBuyerMaker": false,
    "isBestMatch": true
  },
  {
    "id": 18446489,
    "price": "0.08199700",
    "qty": "4.54900000",
    "time": 1515527852832,
    "isBuyerMaker": false,
    "isBestMatch": true
  },
  {
    "id": 18446490,
    "price": "0.08191200",
    "qty": "0.37100000",
    "time": 1515527852976,
    "isBuyerMaker": true,
    "isBestMatch": true
  },
  {
    "id": 18446491,
    "price": "0.08199800",
    "qty": "0.10800000",
    "time": 1515527852998,
    "isBuyerMaker": false,
    "isBestMatch": true
  },
  {
    "id": 18446492,
    "price": "0.08191200",
    "qty": "0.26200000",
    "time": 1515527853016,
    "isBuyerMaker": true,
    "isBestMatch": true
  },
  {
    "id": 18446493,
    "price": "0.08191200",
    "qty": "0.03000000",
    "time": 1515527853951,
    "isBuyerMaker": true,
    "isBestMatch": true
  },
  {
    "id": 18446494,
    "price": "0.08199700",
    "qty": "0.63700000",
    "time": 1515527854128,
    "isBuyerMaker": false,
    "isBestMatch": true
  },
  {
    "id": 18446495,
    "price": "0.08191300",
    "qty": "0.18200000",
    "time": 1515527854240,
    "isBuyerMaker": true,
    "isBestMatch": true
  },
  {
    "id": 18446496,
    "price": "0.08191300",
    "qty": "0.06400000",
    "time": 1515527854255,
    "isBuyerMaker": true,
    "isBestMatch": true
  },
  {
    "id": 18446497,
    "price": "0.08191400",
    "qty": "0.00800000",
    "time": 1515527855093,
    "isBuyerMaker": true,
    "isBestMatch": true
  },
  {
    "id": 18446498,
    "price": "0.08199400",
    "qty": "1.97300000",
    "time": 1515527855473,
    "isBuyerMaker": false,
    "isBestMatch": true
  },
  {
    "id": 18446499,
    "price": "0.08191400",
    "qty": "0.56600000",
    "time": 1515527856262,
    "isBuyerMaker": true,
    "isBestMatch": true
  },
  {
    "id": 18446500,
    "price": "0.08191400",
    "qty": "0.07100000",
    "time": 1515527856348,
    "isBuyerMaker": true,
    "isBestMatch": true
  },
  {
    "id": 18446501,
    "price": "0.08191400",
    "qty": "0.17600000",
    "time": 1515527856348,
    "isBuyerMaker": true,
    "isBestMatch": true
  },
  {
    "id": 18446502,
    "price": "0.08199400",
    "qty": "0.00100000",
    "time": 1515527857346,
    "isBuyerMaker": false,
    "isBestMatch": true
  },
  {
    "id": 18446503,
    "price": "0.08199500",
    "qty": "0.20600000",
    "time": 1515527857346,
    "isBuyerMaker": false,
    "isBestMatch": true
  },
  {
    "id": 18446504,
    "price": "0.08199500",
    "qty": "0.05000000",
    "time": 1515527857595,
    "isBuyerMaker": false,
    "isBestMatch": true
  },
  {
    "id": 18446505,
    "price": "0.08191500",
    "qty": "0.31100000",
    "time": 1515527858095,
    "isBuyerMaker": true,
    "isBestMatch": true
  },
  {
    "id": 18446506,
    "price": "0.08191500",
    "qty": "0.04600000",
    "time": 1515527858151,
    "isBuyerMaker": true,
    "isBestMatch": true
  },
  {
    "id": 18446507,
    "price": "0.08191500",
    "qty": "0.24400000",
    "time": 1515527858543,
    "isBuyerMaker": true,
    "isBestMatch": true
  },
  {
    "id": 18446508,
    "price": "0.08199500",
    "qty": "0.42700000",
    "time": 1515527858636,
    "isBuyerMaker": false,
    "isBestMatch": true
  },
  {
    "id": 18446509,
    "price": "0.08199300",
    "qty": "0.08200000",
    "time": 1515527858845,
    "isBuyerMaker": false,
    "isBestMatch": true
  },
  {
    "id": 18446510,
    "price": "0.08192000",
    "qty": "0.49400000",
    "time": 1515527859902,
    "isBuyerMaker": true,
    "isBestMatch": true
  },
  {
    "id": 18446511,
    "price": "0.08192000",
    "qty": "1.23000000",
    "time": 1515527860219,
    "isBuyerMaker": true,
    "isBestMatch": true
  },
  {
    "id": 18446512,
    "price": "0.08192000",
    "qty": "0.54700000",
    "time": 1515527860219,
    "isBuyerMaker": true,
    "isBestMatch": true
  },
  {
    "id": 18446513,
    "price": "0.08192000",
    "qty": "0.57000000",
    "time": 1515527860287,
    "isBuyerMaker": true,
    "isBestMatch": true
  },
  {
    "id": 18446514,
    "price": "0.08192000",
    "qty": "1.23000000",
    "time": 1515527861094,
    "isBuyerMaker": true,
    "isBestMatch": true
  },
  {
    "id": 18446515,
    "price": "0.08192000",
    "qty": "0.77600000",
    "time": 1515527861202,
    "isBuyerMaker": true,
    "isBestMatch": true
  },
  {
    "id": 18446516,
    "price": "0.08192100",
    "qty": "0.05000000",
    "time": 1515527862564,
    "isBuyerMaker": true,
    "isBestMatch": true
  },
  {
    "id": 18446517,
    "price": "0.08192100",
    "qty": "0.01800000",
    "time": 1515527863174,
    "isBuyerMaker": true,
    "isBestMatch": true
  },
  {
    "id": 18446518,
    "price": "0.08199300",
    "qty": "0.00200000",
    "time": 1515527863504,
    "isBuyerMaker": false,
    "isBestMatch": true
  },
  {
    "id": 18446519,
    "price": "0.08199500",
    "qty": "0.00200000",
    "time": 1515527863504,
    "isBuyerMaker": false,
    "isBestMatch": true
  },
  {
    "id": 18446520,
    "price": "0.08199500",
    "qty": "0.12100000",
    "time": 1515527863504,
    "isBuyerMaker": false,
    "isBestMatch": true
  },
  {
    "id": 18446521,
    "price": "0.08199500",
    "qty": "0.14000000",
    "time": 1515527863934,
    "isBuyerMaker": false,
    "isBestMatch": true
  },
  {
    "id": 18446522,
    "price": "0.08199500",
    "qty": "0.16900000",
    "time": 1515527863988,
    "isBuyerMaker": false,
    "isBestMatch": true
  },
  {
    "id": 18446523,
    "price": "0.08199400",
    "qty": "1.21900000",
    "time": 1515527864141,
    "isBuyerMaker": false,
    "isBestMatch": true
  },
  {
    "id": 18446524,
    "price": "0.08199400",
    "qty": "0.34700000",
    "time": 1515527864148,
    "isBuyerMaker": false,
    "isBestMatch": true
  },
  {
    "id": 18446525,
    "price": "0.08199400",
    "qty": "0.22800000",
    "time": 1515527864167,
    "isBuyerMaker": false,
    "isBestMatch": true
  },
  {
    "id": 18446526,
    "price": "0.08199400",
    "qty": "0.16900000",
    "time": 1515527864211,
    "isBuyerMaker": false,
    "isBestMatch": true
  },
  {
    "id": 18446527,
    "price": "0.08199400",
    "qty": "1.10500000",
    "time": 1515527864278,
    "isBuyerMaker": false,
    "isBestMatch": true
  },
  {
    "id": 18446528,
    "price": "0.08192200",
    "qty": "0.10300000",
    "time": 1515527865230,
    "isBuyerMaker": true,
    "isBestMatch": true
  },
  {
    "id": 18446529,
    "price": "0.08199400",
    "qty": "0.03800000",
    "time": 1515527865530,
    "isBuyerMaker": false,
    "isBestMatch": true
  },
  {
    "id": 18446530,
    "price": "0.08199400",
    "qty": "0.70600000",
    "time": 1515527865571,
    "isBuyerMaker": false,
    "isBestMatch": true
  },
  {
    "id": 18446531,
    "price": "0.08195800",
    "qty": "3.53100000",
    "time": 1515527865810,
    "isBuyerMaker": false,
    "isBestMatch": true
  },
  {
    "id": 18446532,
    "price": "0.08199400",
    "qty": "1.34800000",
    "time": 1515527865834,
    "isBuyerMaker": false,
    "isBestMatch": true
  },
  {
    "id": 18446533,
    "price": "0.08199400",
    "qty": "1.37900000",
    "time": 1515527865834,
    "isBuyerMaker": false,
    "isBestMatch": true
  },
  {
    "id": 18446534,
    "price": "0.08192200",
    "qty": "0.02800000",
    "time": 1515527866131,
    "isBuyerMaker": true,
    "isBestMatch": true
  },
  {
    "id": 18446535,
    "price": "0.08192200",
    "qty": "0.08700000",
    "time": 1515527866418,
    "isBuyerMaker": true,
    "isBestMatch": true
  },
  {
    "id": 18446536,
    "price": "0.08192200",
    "qty": "0.01400000",
    "time": 1515527867244,
    "isBuyerMaker": true,
    "isBestMatch": true
  },
  {
    "id": 18446537,
    "price": "0.08199500",
    "qty": "0.02600000",
    "time": 1515527869126,
    "isBuyerMaker": false,
    "isBestMatch": true
  },
  {
    "id": 18446538,
    "price": "0.08199500",
    "qty": "0.60900000",
    "time": 1515527869132,
    "isBuyerMaker": false,
    "isBestMatch": true
  },
  {
    "id": 18446539,
    "price": "0.08199600",
    "qty": "0.02500000",
    "time": 1515527869132,
    "isBuyerMaker": false,
    "isBestMatch": true
  },
  {
    "id": 18446540,
    "price": "0.08199600",
    "qty": "0.31500000",
    "time": 1515527869215,
    "isBuyerMaker": false,
    "isBestMatch": true
  },
  {
    "id": 18446541,
    "price": "0.08199600",
    "qty": "0.18400000",
    "time": 1515527869518,
    "isBuyerMaker": false,
    "isBestMatch": true
  },
  {
    "id": 18446542,
    "price": "0.08199600",
    "qty": "0.78700000",
    "time": 1515527869801,
    "isBuyerMaker": false,
    "isBestMatch": true
  },
  {
    "id": 18446543,
    "price": "0.08199600",
    "qty": "0.49700000",
    "time": 1515527869870,
    "isBuyerMaker": false,
    "isBestMatch": true
  },
  {
    "id": 18446544,
    "price": "0.08198400",
    "qty": "0.03900000",
    "time": 1515527869971,
    "isBuyerMaker": true,
    "isBestMatch": true
  },
  {
    "id": 18446545,
    "price": "0.08198400",
    "qty": "0.00100000",
    "time": 1515527869997,
    "isBuyerMaker": true,
    "isBestMatch": true
  },
  {
    "id": 18446546,
    "price": "0.08192100",
    "qty": "0.03800000",
    "time": 1515527869997,
    "isBuyerMaker": true,
    "isBestMatch": true
  },
  {
    "id": 18446547,
    "price": "0.08199600",
    "qty": "1.21600000",
    "time": 1515527870150,
    "isBuyerMaker": false,
    "isBestMatch": true
  },
  {
    "id": 18446548,
    "price": "0.08199600",
    "qty": "0.11500000",
    "time": 1515527870157,
    "isBuyerMaker": false,
    "isBestMatch": true
  },
  {
    "id": 18446549,
    "price": "0.08199800",
    "qty": "1.10400000",
    "time": 1515527870157,
    "isBuyerMaker": false,
    "isBestMatch": true
  },
  {
    "id": 18446550,
    "price": "0.08199800",
    "qty": "5.90800000",
    "time": 1515527870217,
    "isBuyerMaker": false,
    "isBestMatch": true
  },
  {
    "id": 18446551,
    "price": "0.08199800",
    "qty": "0.27700000",
    "time": 1515527870217,
    "isBuyerMaker": false,
    "isBestMatch": true
  },
  {
    "id": 18446552,
    "price": "0.08199800",
    "qty": "0.00100000",
    "time": 1515527871468,
    "isBuyerMaker": false,
    "isBestMatch": true
  },
  {
    "id": 18446553,
    "price": "0.08192100",
    "qty": "0.72900000",
    "time": 1515527872065,
    "isBuyerMaker": true,
    "isBestMatch": true
  },
  {
    "id": 18446554,
    "price": "0.08199700",
    "qty": "0.03900000",
    "time": 1515527872174,
    "isBuyerMaker": false,
    "isBestMatch": true
  },
  {
    "id": 18446555,
    "price": "0.08199700",
    "qty": "0.00100000",
    "time": 1515527872572,
    "isBuyerMaker": false,
    "isBestMatch": true
  },
  {
    "id": 18446556,
    "price": "0.08199800",
    "qty": "0.08700000",
    "time": 1515527872572,
    "isBuyerMaker": false,
    "isBestMatch": true
  },
  {
    "id": 18446557,
    "price": "0.08200000",
    "qty": "0.49900000",
    "time": 1515527872572,
    "isBuyerMaker": false,
    "isBestMatch": true
  },
  {
    "id": 18446558,
    "price": "0.08200000",
    "qty": "0.05300000",
    "time": 1515527872572,
    "isBuyerMaker": false,
    "isBestMatch": true
  },
  {
    "id": 18446559,
    "price": "0.08200000",
    "qty": "0.29700000",
    "time": 1515527873115,
    "isBuyerMaker": false,
    "isBestMatch": true
  },
  {
    "id": 18446560,
    "price": "0.08200000",
    "qty": "0.00100000",
    "time": 1515527873145,
    "isBuyerMaker": false,
    "isBestMatch": true
  },
  {
    "id": 18446561,
    "price": "0.08200100",
    "qty": "0.29600000",
    "time": 1515527873145,
    "isBuyerMaker": false,
    "isBestMatch": true
  },
  {
    "id": 18446562,
    "price": "0.08200100",
    "qty": "1.56100000",
    "time": 1515527873267,
    "isBuyerMaker": false,
    "isBestMatch": true
  },
  {
    "id": 18446563,
    "price": "0.08200100",
    "qty": "2.98400000",
    "time": 1515527873320,
    "isBuyerMaker": false,
    "isBestMatch": true
  },
  {
    "id": 18446564,
    "price": "0.08200100",
    "qty": "0.49700000",
    "time": 1515527873488,
    "isBuyerMaker": false,
    "isBestMatch": true
  },
  {
    "id": 18446565,
    "price": "0.08200100",
    "qty": "0.49700000",
    "time": 1515527873763,
    "isBuyerMaker": false,
    "isBestMatch": true
  },
  {
    "id": 18446566,
    "price": "0.08200100",
    "qty": "0.49700000",
    "time": 1515527874040,
    "isBuyerMaker": false,
    "isBestMatch": true
  },
  {
    "id": 18446567,
    "price": "0.08193000",
    "qty": "0.25700000",
    "time": 1515527874151,
    "isBuyerMaker": true,
    "isBestMatch": true
  },
  {
    "id": 18446568,
    "price": "0.08200100",
    "qty": "1.21900000",
    "time": 1515527874178,
    "isBuyerMaker": false,
    "isBestMatch": true
  },
  {
    "id": 18446569,
    "price": "0.08200100",
    "qty": "0.76300000",
    "time": 1515527874199,
    "isBuyerMaker": false,
    "isBestMatch": true
  },
  {
    "id": 18446570,
    "price": "0.08200100",
    "qty": "0.71500000",
    "time": 1515527874239,
    "isBuyerMaker": false,
    "isBestMatch": true
  },
  {
    "id": 18446571,
    "price": "0.08193000",
    "qty": "0.39800000",
    "time": 1515527874338,
    "isBuyerMaker": true,
    "isBestMatch": true
  },
  {
    "id": 18446572,
    "price": "0.08193000",
    "qty": "0.08400000",
    "time": 1515527874449,
    "isBuyerMaker": true,
    "isBestMatch": true
  },
  {
    "id": 18446573,
    "price": "0.08193000",
    "qty": "0.28800000",
    "time": 1515527874565,
    "isBuyerMaker": true,
    "isBestMatch": true
  },
  {
    "id": 18446574,
    "price": "0.08193000",
    "qty": "4.19400000",
    "time": 1515527874824,
    "isBuyerMaker": true,
    "isBestMatch": true
  },
  {
    "id": 18446575,
    "price": "0.08200100",
    "qty": "0.18200000",
    "time": 1515527875749,
    "isBuyerMaker": false,
    "isBestMatch": true
  },
  {
    "id": 18446576,
    "price": "0.08199900",
    "qty": "0.23600000",
    "time": 1515527876090,
    "isBuyerMaker": false,
    "isBestMatch": true
  },
  {
    "id": 18446577,
    "price": "0.08193000",
    "qty": "0.00100000",
    "time": 1515527877184,
    "isBuyerMaker": true,
    "isBestMatch": true
  },
  {
    "id": 18446578,
    "price": "0.08192100",
    "qty": "0.40600000",
    "time": 1515527877184,
    "isBuyerMaker": true,
    "isBestMatch": true
  },
  {
    "id": 18446579,
    "price": "0.08192200",
    "qty": "0.08200000",
    "time": 1515527877373,
    "isBuyerMaker": true,
    "isBestMatch": true
  },
  {
    "id": 18446580,
    "price": "0.08199900",
    "qty": "0.00100000",
    "time": 1515527877389,
    "isBuyerMaker": false,
    "isBestMatch": true
  },
  {
    "id": 18446581,
    "price": "0.08200100",
    "qty": "0.14300000",
    "time": 1515527877389,
    "isBuyerMaker": false,
    "isBestMatch": true
  },
  {
    "id": 18446582,
    "price": "0.08200300",
    "qty": "0.02000000",
    "time": 1515527877389,
    "isBuyerMaker": false,
    "isBestMatch": true
  },
  {
    "id": 18446583,
    "price": "0.08192200",
    "qty": "0.44300000",
    "time": 1515527877559,
    "isBuyerMaker": true,
    "isBestMatch": true
  },
  {
    "id": 18446584,
    "price": "0.08200300",
    "qty": "0.24300000",
    "time": 1515527877978,
    "isBuyerMaker": false,
    "isBestMatch": true
  },
  {
    "id": 18446585,
    "price": "0.08192200",
    "qty": "0.08700000",
    "time": 1515527878088,
    "isBuyerMaker": true,
    "isBestMatch": true
  },
  {
    "id": 18446586,
    "price": "0.08201400",
    "qty": "0.49700000",
    "time": 1515527878115,
    "isBuyerMaker": false,
    "isBestMatch": true
  },
  {
    "id": 18446587,
    "price": "0.08201400",
    "qty": "0.74600000",
    "time": 1515527878145,
    "isBuyerMaker": false,
    "isBestMatch": true
  },
  {
    "id": 18446588,
    "price": "0.08201400",
    "qty": "0.74800000",
    "time": 1515527878169,
    "isBuyerMaker": false,
    "isBestMatch": true
  },
  {
    "id": 18446589,
    "price": "0.08199600",
    "qty": "0.19100000",
    "time": 1515527878553,
    "isBuyerMaker": true,
    "isBestMatch": true
  },
  {
    "id": 18446590,
    "price": "0.08193100",
    "qty": "0.86500000",
    "time": 1515527878553,
    "isBuyerMaker": true,
    "isBestMatch": true
  },
  {
    "id": 18446591,
    "price": "0.08201400",
    "qty": "0.27200000",
    "time": 1515527878584,
    "isBuyerMaker": false,
    "isBestMatch": true
  },
  {
    "id": 18446592,
    "price": "0.08193100",
    "qty": "0.21900000",
    "time": 1515527878625,
    "isBuyerMaker": true,
    "isBestMatch": true
  },
  {
    "id": 18446593,
    "price": "0.08199600",
    "qty": "0.19100000",
    "time": 1515527879157,
    "isBuyerMaker": false,
    "isBestMatch": true
  },
  {
    "id": 18446594,
    "price": "0.08193200",
    "qty": "1.22900000",
    "time": 1515527879165,
    "isBuyerMaker": true,
    "isBestMatch": true
  },
  {
    "id": 18446595,
    "price": "0.08193200",
    "qty": "2.55100000",
    "time": 1515527879211,
    "isBuyerMaker": true,
    "isBestMatch": true
  },
  {
    "id": 18446596,
    "price": "0.08193300",
    "qty": "0.56800000",
    "time": 1515527879857,
    "isBuyerMaker": true,
    "isBestMatch": true
  },
  {
    "id": 18446597,
    "price": "0.08199600",
    "qty": "0.00100000",
    "time": 1515527879957,
    "isBuyerMaker": false,
    "isBestMatch": true
  },
  {
    "id": 18446598,
    "price": "0.08200000",
    "qty": "0.48300000",
    "time": 1515527879957,
    "isBuyerMaker": false,
    "isBestMatch": true
  },
  {
    "id": 18446599,
    "price": "0.08193200",
    "qty": "0.81700000",
    "time": 1515527879999,
    "isBuyerMaker": true,
    "isBestMatch": true
  },
  {
    "id": 18446600,
    "price": "0.08200000",
    "qty": "3.78000000",
    "time": 1515527880163,
    "isBuyerMaker": false,
    "isBestMatch": true
  },
  {
    "id": 18446601,
    "price": "0.08200000",
    "qty": "0.12900000",
    "time": 1515527880163,
    "isBuyerMaker": false,
    "isBestMatch": true
  },
  {
    "id": 18446602,
    "price": "0.08200100",
    "qty": "0.05600000",
    "time": 1515527880163,
    "isBuyerMaker": false,
    "isBestMatch": true
  },
  {
    "id": 18446603,
    "price": "0.08199500",
    "qty": "0.04200000",
    "time": 1515527880963,
    "isBuyerMaker": false,
    "isBestMatch": true
  },
  {
    "id": 18446604,
    "price": "0.08199500",
    "qty": "0.00100000",
    "time": 1515527880987,
    "isBuyerMaker": false,
    "isBestMatch": true
  },
  {
    "id": 18446605,
    "price": "0.08200100",
    "qty": "0.97000000",
    "time": 1515527880987,
    "isBuyerMaker": false,
    "isBestMatch": true
  },
  {
    "id": 18446606,
    "price": "0.08201500",
    "qty": "0.10800000",
    "time": 1515527881143,
    "isBuyerMaker": false,
    "isBestMatch": true
  },
  {
    "id": 18446607,
    "price": "0.08200100",
    "qty": "0.04100000",
    "time": 1515527881541,
    "isBuyerMaker": true,
    "isBestMatch": true
  },
  {
    "id": 18446608,
    "price": "0.08201500",
    "qty": "0.49600000",
    "time": 1515527881991,
    "isBuyerMaker": false,
    "isBestMatch": true
  },
  {
    "id": 18446609,
    "price": "0.08201500",
    "qty": "0.49600000",
    "time": 1515527882185,
    "isBuyerMaker": false,
    "isBestMatch": true
  },
  {
    "id": 18446610,
    "price": "0.08201500",
    "qty": "0.21100000",
    "time": 1515527882392,
    "isBuyerMaker": false,
    "isBestMatch": true
  },
  {
    "id": 18446611,
    "price": "0.08200100",
    "qty": "0.00100000",
    "time": 1515527882558,
    "isBuyerMaker": true,
    "isBestMatch": true
  },
  {
    "id": 18446612,
    "price": "0.08193400",
    "qty": "0.01500000",
    "time": 1515527882558,
    "isBuyerMaker": true,
    "isBestMatch": true
  },
  {
    "id": 18446613,
    "price": "0.08199700",
    "qty": "0.31200000",
    "time": 1515527883163,
    "isBuyerMaker": false,
    "isBestMatch": true
  },
  {
    "id": 18446614,
    "price": "0.08199700",
    "qty": "0.00100000",
    "time": 1515527883172,
    "isBuyerMaker": false,
    "isBestMatch": true
  },
  {
    "id": 18446615,
    "price": "0.08201500",
    "qty": "0.00100000",
    "time": 1515527883172,
    "isBuyerMaker": false,
    "isBestMatch": true
  },
  {
    "id": 18446616,
    "price": "0.08202400",
    "qty": "0.04000000",
    "time": 1515527883172,
    "isBuyerMaker": false,
    "isBestMatch": true
  },
  {
    "id": 18446617,
    "price": "0.08193400",
    "qty": "0.22500000",
    "time": 1515527883355,
    "isBuyerMaker": true,
    "isBestMatch": true
  },
  {
    "id": 18446618,
    "price": "0.08193400",
    "qty": "0.01600000",
    "time": 1515527883918,
    "isBuyerMaker": true,
    "isBestMatch": true
  },
  {
    "id": 18446619,
    "price": "0.08199400",
    "qty": "0.01300000",
    "time": 1515527883971,
    "isBuyerMaker": false,
    "isBestMatch": true
  },
  {
    "id": 18446620,
    "price": "0.08193400",
    "qty": "1.22100000",
    "time": 1515527884080,
    "isBuyerMaker": true,
    "isBestMatch": true
  },
  {
    "id": 18446621,
    "price": "0.08199400",
    "qty": "0.18600000",
    "time": 1515527884108,
    "isBuyerMaker": false,
    "isBestMatch": true
  },
  {
    "id": 18446622,
    "price": "0.08199400",
    "qty": "0.00100000",
    "time": 1515527884108,
    "isBuyerMaker": false,
    "isBestMatch": true
  },
  {
    "id": 18446623,
    "price": "0.08202400",
    "qty": "0.18500000",
    "time": 1515527884108,
    "isBuyerMaker": false,
    "isBestMatch": true
  },
  {
    "id": 18446624,
    "price": "0.08202400",
    "qty": "0.18600000",
    "time": 1515527884120,
    "isBuyerMaker": false,
    "isBestMatch": true
  },
  {
    "id": 18446625,
    "price": "0.08193400",
    "qty": "0.47300000",
    "time": 1515527884195,
    "isBuyerMaker": true,
    "isBestMatch": true
  },
  {
    "id": 18446626,
    "price": "0.08202400",
    "qty": "0.57600000",
    "time": 1515527884204,
    "isBuyerMaker": false,
    "isBestMatch": true
  },
  {
    "id": 18446627,
    "price": "0.08202400",
    "qty": "0.30000000",
    "time": 1515527884204,
    "isBuyerMaker": false,
    "isBestMatch": true
  },
  {
    "id": 18446628,
    "price": "0.08202400",
    "qty": "0.22000000",
    "time": 1515527884374,
    "isBuyerMaker": false,
    "isBestMatch": true
  },
  {
    "id": 18446629,
    "price": "0.08199400",
    "qty": "0.04100000",
    "time": 1515527884376,
    "isBuyerMaker": true,
    "isBestMatch": true
  },
  {
    "id": 18446630,
    "price": "0.08202400",
    "qty": "0.06500000",
    "time": 1515527884409,
    "isBuyerMaker": false,
    "isBestMatch": true
  },
  {
    "id": 18446631,
    "price": "0.08203700",
    "qty": "0.01600000",
    "time": 1515527884409,
    "isBuyerMaker": false,
    "isBestMatch": true
  },
  {
    "id": 18446632,
    "price": "0.08203700",
    "qty": "0.13800000",
    "time": 1515527884409,
    "isBuyerMaker": false,
    "isBestMatch": true
  },
  {
    "id": 18446633,
    "price": "0.08199400",
    "qty": "0.00100000",
    "time": 1515527884455,
    "isBuyerMaker": true,
    "isBestMatch": true
  },
  {
    "id": 18446634,
    "price": "0.08193400",
    "qty": "0.00100000",
    "time": 1515527884455,
    "isBuyerMaker": true,
    "isBestMatch": true
  },
  {
    "id": 18446635,
    "price": "0.08192300",
    "qty": "0.03900000",
    "time": 1515527884455,
    "isBuyerMaker": true,
    "isBestMatch": true
  },
  {
    "id": 18446636,
    "price": "0.08192300",
    "qty": "0.01500000",
    "time": 1515527884654,
    "isBuyerMaker": true,
    "isBestMatch": true
  },
  {
    "id": 18446637,
    "price": "0.08193500",
    "qty": "2.05300000",
    "time": 1515527884703,
    "isBuyerMaker": true,
    "isBestMatch": true
  },
  {
    "id": 18446638,
    "price": "0.08193500",
    "qty": "1.03300000",
    "time": 1515527884787,
    "isBuyerMaker": true,
    "isBestMatch": true
  },
  {
    "id": 18446639,
    "price": "0.08193500",
    "qty": "0.40200000",
    "time": 1515527884838,
    "isBuyerMaker": true,
    "isBestMatch": true
  },
  {
    "id": 18446640,
    "price": "0.08193600",
    "qty": "0.11400000",
    "time": 1515527884967,
    "isBuyerMaker": true,
    "isBestMatch": true
  },
  {
    "id": 18446641,
    "price": "0.08193600",
    "qty": "0.36200000",
    "time": 1515527885025,
    "isBuyerMaker": true,
    "isBestMatch": true
  },
  {
    "id": 18446642,
    "price": "0.08202200",
    "qty": "0.24600000",
    "time": 1515527885196,
    "isBuyerMaker": false,
    "isBestMatch": true
  },
  {
    "id": 18446643,
    "price": "0.08203600",
    "qty": "0.97200000",
    "time": 1515527885196,
    "isBuyerMaker": false,
    "isBestMatch": true
  },
  {
    "id": 18446644,
    "price": "0.08193600",
    "qty": "0.72300000",
    "time": 1515527885295,
    "isBuyerMaker": true,
    "isBestMatch": true
  },
  {
    "id": 18446645,
    "price": "0.08203600",
    "qty": "2.55700000",
    "time": 1515527885315,
    "isBuyerMaker": false,
    "isBestMatch": true
  },
  {
    "id": 18446646,
    "price": "0.08193600",
    "qty": "0.19900000",
    "time": 1515527885537,
    "isBuyerMaker": true,
    "isBestMatch": true
  },
  {
    "id": 18446647,
    "price": "0.08203500",
    "qty": "0.08700000",
    "time": 1515527885892,
    "isBuyerMaker": false,
    "isBestMatch": true
  },
  {
    "id": 18446648,
    "price": "0.08203600",
    "qty": "1.08800000",
    "time": 1515527886046,
    "isBuyerMaker": false,
    "isBestMatch": true
  },
  {
    "id": 18446649,
    "price": "0.08203600",
    "qty": "0.00700000",
    "time": 1515527886082,
    "isBuyerMaker": false,
    "isBestMatch": true
  },
  {
    "id": 18446650,
    "price": "0.08203500",
    "qty": "0.34800000",
    "time": 1515527886249,
    "isBuyerMaker": false,
    "isBestMatch": true
  },
  {
    "id": 18446651,
    "price": "0.08203500",
    "qty": "5.58400000",
    "time": 1515527886324,
    "isBuyerMaker": false,
    "isBestMatch": true
  },
  {
    "id": 18446652,
    "price": "0.08203300",
    "qty": "0.12100000",
    "time": 1515527886993,
    "isBuyerMaker": false,
    "isBestMatch": true
  },
  {
    "id": 18446653,
    "price": "0.08203300",
    "qty": "0.10000000",
    "time": 1515527887015,
    "isBuyerMaker": false,
    "isBestMatch": true
  },
  {
    "id": 18446654,
    "price": "0.08203300",
    "qty": "0.10100000",
    "time": 1515527887075,
    "isBuyerMaker": false,
    "isBestMatch": true
  },
  {
    "id": 18446655,
    "price": "0.08199700",
    "qty": "0.99900000",
    "time": 1515527888105,
    "isBuyerMaker": false,
    "isBestMatch": true
  },
  {
    "id": 18446656,
    "price": "0.08193700",
    "qty": "1.22100000",
    "time": 1515527888121,
    "isBuyerMaker": true,
    "isBestMatch": true
  },
  {
    "id": 18446657,
    "price": "0.08199700",
    "qty": "0.00100000",
    "time": 1515527888137,
    "isBuyerMaker": false,
    "isBestMatch": true
  },
  {
    "id": 18446658,
    "price": "0.08203300",
    "qty": "0.58100000",
    "time": 1515527888137,
    "isBuyerMaker": false,
    "isBestMatch": true
  },
  {
    "id": 18446659,
    "price": "0.08203300",
    "qty": "0.52200000",
    "time": 1515527888139,
    "isBuyerMaker": false,
    "isBestMatch": true
  },
  {
    "id": 18446660,
    "price": "0.08193700",
    "qty": "0.08700000",
    "time": 1515527888205,
    "isBuyerMaker": true,
    "isBestMatch": true
  },
  {
    "id": 18446661,
    "price": "0.08193600",
    "qty": "0.08700000",
    "time": 1515527888205,
    "isBuyerMaker": true,
    "isBestMatch": true
  },
  {
    "id": 18446662,
    "price": "0.08202100",
    "qty": "0.30500000",
    "time": 1515527888534,
    "isBuyerMaker": true,
    "isBestMatch": true
  },
  {
    "id": 18446663,
    "price": "0.08202100",
    "qty": "0.00100000",
    "time": 1515527888632,
    "isBuyerMaker": false,
    "isBestMatch": true
  },
  {
    "id": 18446664,
    "price": "0.08202100",
    "qty": "0.30600000",
    "time": 1515527888632,
    "isBuyerMaker": false,
    "isBestMatch": true
  },
  {
    "id": 18446665,
    "price": "0.08203200",
    "qty": "0.06800000",
    "time": 1515527888632,
    "isBuyerMaker": false,
    "isBestMatch": true
  },
  {
    "id": 18446666,
    "price": "0.08201400",
    "qty": "0.09600000",
    "time": 1515527888805,
    "isBuyerMaker": true,
    "isBestMatch": true
  },
  {
    "id": 18446667,
    "price": "0.08201400",
    "qty": "0.14400000",
    "time": 1515527888846,
    "isBuyerMaker": true,
    "isBestMatch": true
  },
  {
    "id": 18446668,
    "price": "0.08201400",
    "qty": "0.01800000",
    "time": 1515527888856,
    "isBuyerMaker": true,
    "isBestMatch": true
  },
  {
    "id": 18446669,
    "price": "0.08201400",
    "qty": "0.33200000",
    "time": 1515527888884,
    "isBuyerMaker": true,
    "isBestMatch": true
  },
  {
    "id": 18446670,
    "price": "0.08201500",
    "qty": "0.06900000",
    "time": 1515527889038,
    "isBuyerMaker": true,
    "isBestMatch": true
  },
  {
    "id": 18446671,
    "price": "0.08201500",
    "qty": "0.27500000",
    "time": 1515527889038,
    "isBuyerMaker": true,
    "isBestMatch": true
  },
  {
    "id": 18446672,
    "price": "0.08201500",
    "qty": "0.34400000",
    "time": 1515527889072,
    "isBuyerMaker": true,
    "isBestMatch": true
  },
  {
    "id": 18446673,
    "price": "0.08201500",
    "qty": "0.31000000",
    "time": 1515527889169,
    "isBuyerMaker": true,
    "isBestMatch": true
  },
  {
    "id": 18446674,
    "price": "0.08201500",
    "qty": "0.00100000",
    "time": 1515527889190,
    "isBuyerMaker": true,
    "isBestMatch": true
  },
  {
    "id": 18446675,
    "price": "0.08201400",
    "qty": "0.30900000",
    "time": 1515527889190,
    "isBuyerMaker": true,
    "isBestMatch": true
  },
  {
    "id": 18446676,
    "price": "0.08201400",
    "qty": "0.15200000",
    "time": 1515527889201,
    "isBuyerMaker": true,
    "isBestMatch": true
  },
  {
    "id": 18446677,
    "price": "0.08203200",
    "qty": "0.21300000",
    "time": 1515527889201,
    "isBuyerMaker": false,
    "isBestMatch": true
  },
  {
    "id": 18446678,
    "price": "0.08201400",
    "qty": "0.30900000",
    "time": 1515527889202,
    "isBuyerMaker": true,
    "isBestMatch": true
  },
  {
    "id": 18446679,
    "price": "0.08201400",
    "qty": "0.56100000",
    "time": 1515527889281,
    "isBuyerMaker": true,
    "isBestMatch": true
  },
  {
    "id": 18446680,
    "price": "0.08201400",
    "qty": "0.23500000",
    "time": 1515527889291,
    "isBuyerMaker": true,
    "isBestMatch": true
  },
  {
    "id": 18446681,
    "price": "0.08201400",
    "qty": "0.53800000",
    "time": 1515527889361,
    "isBuyerMaker": true,
    "isBestMatch": true
  },
  {
    "id": 18446682,
    "price": "0.08201400",
    "qty": "1.24000000",
    "time": 1515527889429,
    "isBuyerMaker": true,
    "isBestMatch": true
  },
  {
    "id": 18446683,
    "price": "0.08201400",
    "qty": "0.37400000",
    "time": 1515527889687,
    "isBuyerMaker": true,
    "isBestMatch": true
  },
  {
    "id": 18446684,
    "price": "0.08201400",
    "qty": "0.00100000",
    "time": 1515527889825,
    "isBuyerMaker": true,
    "isBestMatch": true
  },
  {
    "id": 18446685,
    "price": "0.08201400",
    "qty": "1.45500000",
    "time": 1515527889871,
    "isBuyerMaker": true,
    "isBestMatch": true
  },
  {
    "id": 18446686,
    "price": "0.08194000",
    "qty": "0.10400000",
    "time": 1515527889871,
    "isBuyerMaker": true,
    "isBestMatch": true
  },
  {
    "id": 18446687,
    "price": "0.08194000",
    "qty": "3.37800000",
    "time": 1515527889883,
    "isBuyerMaker": true,
    "isBestMatch": true
  },
  {
    "id": 18446688,
    "price": "0.08193800",
    "qty": "1.76400000",
    "time": 1515527889883,
    "isBuyerMaker": true,
    "isBestMatch": true
  },
  {
    "id": 18446689,
    "price": "0.08193800",
    "qty": "1.92600000",
    "time": 1515527889935,
    "isBuyerMaker": true,
    "isBestMatch": true
  },
  {
    "id": 18446690,
    "price": "0.08193800",
    "qty": "0.63300000",
    "time": 1515527889949,
    "isBuyerMaker": true,
    "isBestMatch": true
  },
  {
    "id": 18446691,
    "price": "0.08193800",
    "qty": "1.60900000",
    "time": 1515527889960,
    "isBuyerMaker": true,
    "isBestMatch": true
  },
  {
    "id": 18446692,
    "price": "0.08203200",
    "qty": "1.85800000",
    "time": 1515527890009,
    "isBuyerMaker": false,
    "isBestMatch": true
  },
  {
    "id": 18446693,
    "price": "0.08194000",
    "qty": "1.03100000",
    "time": 1515527890653,
    "isBuyerMaker": true,
    "isBestMatch": true
  },
  {
    "id": 18446694,
    "price": "0.08194000",
    "qty": "0.39900000",
    "time": 1515527890768,
    "isBuyerMaker": true,
    "isBestMatch": true
  },
  {
    "id": 18446695,
    "price": "0.08203000",
    "qty": "1.21900000",
    "time": 1515527891123,
    "isBuyerMaker": false,
    "isBestMatch": true
  },
  {
    "id": 18446696,
    "price": "0.08203000",
    "qty": "0.16600000",
    "time": 1515527891206,
    "isBuyerMaker": false,
    "isBestMatch": true
  },
  {
    "id": 18446697,
    "price": "0.08194100",
    "qty": "0.03000000",
    "time": 1515527891263,
    "isBuyerMaker": true,
    "isBestMatch": true
  },
  {
    "id": 18446698,
    "price": "0.08202800",
    "qty": "0.08600000",
    "time": 1515527892228,
    "isBuyerMaker": false,
    "isBestMatch": true
  },
  {
    "id": 18446699,
    "price": "0.08199000",
    "qty": "0.03900000",
    "time": 1515527892384,
    "isBuyerMaker": true,
    "isBestMatch": true
  },
  {
    "id": 18446700,
    "price": "0.08199000",
    "qty": "0.00200000",
    "time": 1515527892396,
    "isBuyerMaker": true,
    "isBestMatch": true
  },
  {
    "id": 18446701,
    "price": "0.08194200",
    "qty": "0.03500000",
    "time": 1515527892396,
    "isBuyerMaker": true,
    "isBestMatch": true
  },
  {
    "id": 18446702,
    "price": "0.08202800",
    "qty": "0.00100000",
    "time": 1515527892396,
    "isBuyerMaker": false,
    "isBestMatch": true
  },
  {
    "id": 18446703,
    "price": "0.08203000",
    "qty": "0.04400000",
    "time": 1515527892396,
    "isBuyerMaker": false,
    "isBestMatch": true
  },
  {
    "id": 18446704,
    "price": "0.08194200",
    "qty": "0.04000000",
    "time": 1515527892420,
    "isBuyerMaker": true,
    "isBestMatch": true
  },
  {
    "id": 18446705,
    "price": "0.08194200",
    "qty": "0.02700000",
    "time": 1515527892427,
    "isBuyerMaker": true,
    "isBestMatch": true
  },
  {
    "id": 18446706,
    "price": "0.08202600",
    "qty": "0.20000000",
    "time": 1515527892473,
    "isBuyerMaker": false,
    "isBestMatch": true
  },
  {
    "id": 18446707,
    "price": "0.08194300",
    "qty": "0.50200000",
    "time": 1515527892974,
    "isBuyerMaker": true,
    "isBestMatch": true
  },
  {
    "id": 18446708,
    "price": "0.08194300",
    "qty": "0.71700000",
    "time": 1515527892974,
    "isBuyerMaker": true,
    "isBestMatch": true
  },
  {
    "id": 18446709,
    "price": "0.08194200",
    "qty": "0.28300000",
    "time": 1515527892974,
    "isBuyerMaker": true,
    "isBestMatch": true
  },
  {
    "id": 18446710,
    "price": "0.08202500",
    "qty": "0.93900000",
    "time": 1515527893109,
    "isBuyerMaker": false,
    "isBestMatch": true
  },
  {
    "id": 18446711,
    "price": "0.08199800",
    "qty": "0.08400000",
    "time": 1515527893431,
    "isBuyerMaker": false,
    "isBestMatch": true
  },
  {
    "id": 18446712,
    "price": "0.08199800",
    "qty": "0.11600000",
    "time": 1515527893521,
    "isBuyerMaker": false,
    "isBestMatch": true
  },
  {
    "id": 18446713,
    "price": "0.08202600",
    "qty": "0.21300000",
    "time": 1515527893521,
    "isBuyerMaker": false,
    "isBestMatch": true
  },
  {
    "id": 18446714,
    "price": "0.08202600",
    "qty": "0.49600000",
    "time": 1515527893764,
    "isBuyerMaker": false,
    "isBestMatch": true
  },
  {
    "id": 18446715,
    "price": "0.08201500",
    "qty": "0.03700000",
    "time": 1515527893806,
    "isBuyerMaker": true,
    "isBestMatch": true
  },
  {
    "id": 18446716,
    "price": "0.08202600",
    "qty": "0.13600000",
    "time": 1515527893948,
    "isBuyerMaker": false,
    "isBestMatch": true
  },
  {
    "id": 18446717,
    "price": "0.08201500",
    "qty": "0.13300000",
    "time": 1515527894130,
    "isBuyerMaker": true,
    "isBestMatch": true
  },
  {
    "id": 18446718,
    "price": "0.08201500",
    "qty": "0.00200000",
    "time": 1515527894141,
    "isBuyerMaker": true,
    "isBestMatch": true
  },
  {
    "id": 18446719,
    "price": "0.08194200",
    "qty": "0.13200000",
    "time": 1515527894141,
    "isBuyerMaker": true,
    "isBestMatch": true
  },
  {
    "id": 18446720,
    "price": "0.08202600",
    "qty": "1.21900000",
    "time": 1515527894141,
    "isBuyerMaker": false,
    "isBestMatch": true
  },
  {
    "id": 18446721,
    "price": "0.08194200",
    "qty": "0.13400000",
    "time": 1515527894142,
    "isBuyerMaker": true,
    "isBestMatch": true
  },
  {
    "id": 18446722,
    "price": "0.08194200",
    "qty": "0.05400000",
    "time": 1515527894165,
    "isBuyerMaker": true,
    "isBestMatch": true
  },
  {
    "id": 18446723,
    "price": "0.08194200",
    "qty": "0.08300000",
    "time": 1515527894177,
    "isBuyerMaker": true,
    "isBestMatch": true
  },
  {
    "id": 18446724,
    "price": "0.08202600",
    "qty": "1.22300000",
    "time": 1515527894240,
    "isBuyerMaker": false,
    "isBestMatch": true
  },
  {
    "id": 18446725,
    "price": "0.08202600",
    "qty": "0.00100000",
    "time": 1515527896340,
    "isBuyerMaker": false,
    "isBestMatch": true
  },
  {
    "id": 18446726,
    "price": "0.08203000",
    "qty": "0.28100000",
    "time": 1515527896340,
    "isBuyerMaker": false,
    "isBestMatch": true
  },
  {
    "id": 18446727,
    "price": "0.08199500",
    "qty": "0.13900000",
    "time": 1515527896648,
    "isBuyerMaker": true,
    "isBestMatch": true
  },
  {
    "id": 18446728,
    "price": "0.08199500",
    "qty": "0.15800000",
    "time": 1515527896796,
    "isBuyerMaker": true,
    "isBestMatch": true
  },
  {
    "id": 18446729,
    "price": "0.08195000",
    "qty": "0.02100000",
    "time": 1515527896796,
    "isBuyerMaker": true,
    "isBestMatch": true
  },
  {
    "id": 18446730,
    "price": "0.08194200",
    "qty": "0.11600000",
    "time": 1515527896796,
    "isBuyerMaker": true,
    "isBestMatch": true
  },
  {
    "id": 18446731,
    "price": "0.08194200",
    "qty": "0.09400000",
    "time": 1515527897167,
    "isBuyerMaker": true,
    "isBestMatch": true
  },
  {
    "id": 18446732,
    "price": "0.08194100",
    "qty": "0.12600000",
    "time": 1515527897167,
    "isBuyerMaker": true,
    "isBestMatch": true
  },
  {
    "id": 18446733,
    "price": "0.08203300",
    "qty": "0.00300000",
    "time": 1515527897536,
    "isBuyerMaker": false,
    "isBestMatch": true
  },
  {
    "id": 18446734,
    "price": "0.08203300",
    "qty": "0.22800000",
    "time": 1515527897536,
    "isBuyerMaker": false,
    "isBestMatch": true
  },
  {
    "id": 18446735,
    "price": "0.08195200",
    "qty": "0.00700000",
    "time": 1515527897880,
    "isBuyerMaker": false,
    "isBestMatch": true
  },
  {
    "id": 18446736,
    "price": "0.08195200",
    "qty": "0.00800000",
    "time": 1515527897949,
    "isBuyerMaker": false,
    "isBestMatch": true
  },
  {
    "id": 18446737,
    "price": "0.08203700",
    "qty": "0.01500000",
    "time": 1515527897949,
    "isBuyerMaker": false,
    "isBestMatch": true
  },
  {
    "id": 18446738,
    "price": "0.08203900",
    "qty": "0.09800000",
    "time": 1515527897949,
    "isBuyerMaker": false,
    "isBestMatch": true
  },
  {
    "id": 18446739,
    "price": "0.08203900",
    "qty": "0.16900000",
    "time": 1515527898354,
    "isBuyerMaker": false,
    "isBestMatch": true
  },
  {
    "id": 18446740,
    "price": "0.08203800",
    "qty": "0.80100000",
    "time": 1515527898626,
    "isBuyerMaker": false,
    "isBestMatch": true
  },
  {
    "id": 18446741,
    "price": "0.08203800",
    "qty": "0.22900000",
    "time": 1515527899115,
    "isBuyerMaker": false,
    "isBestMatch": true
  },
  {
    "id": 18446742,
    "price": "0.08203800",
    "qty": "0.50200000",
    "time": 1515527899115,
    "isBuyerMaker": false,
    "isBestMatch": true
  },
  {
    "id": 18446743,
    "price": "0.08203800",
    "qty": "0.09900000",
    "time": 1515527899199,
    "isBuyerMaker": false,
    "isBestMatch": true
  },
  {
    "id": 18446744,
    "price": "0.08194400",
    "qty": "1.33600000",
    "time": 1515527899300,
    "isBuyerMaker": true,
    "isBestMatch": true
  },
  {
    "id": 18446745,
    "price": "0.08203600",
    "qty": "0.50200000",
    "time": 1515527899670,
    "isBuyerMaker": false,
    "isBestMatch": true
  },
  {
    "id": 18446746,
    "price": "0.08194500",
    "qty": "1.03800000",
    "time": 1515527899875,
    "isBuyerMaker": true,
    "isBestMatch": true
  },
  {
    "id": 18446747,
    "price": "0.08203600",
    "qty": "0.28600000",
    "time": 1515527900177,
    "isBuyerMaker": false,
    "isBestMatch": true
  },
  {
    "id": 18446748,
    "price": "0.08203800",
    "qty": "0.49600000",
    "time": 1515527900331,
    "isBuyerMaker": false,
    "isBestMatch": true
  },
  {
    "id": 18446749,
    "price": "0.08203600",
    "qty": "0.50400000",
    "time": 1515527900331,
    "isBuyerMaker": true,
    "isBestMatch": true
  },
  {
    "id": 18446750,
    "price": "0.08194500",
    "qty": "0.50300000",
    "time": 1515527900331,
    "isBuyerMaker": true,
    "isBestMatch": true
  },
  {
    "id": 18446751,
    "price": "0.08194500",
    "qty": "0.04600000",
    "time": 1515527900354,
    "isBuyerMaker": true,
    "isBestMatch": true
  },
  {
    "id": 18446752,
    "price": "0.08194500",
    "qty": "0.25600000",
    "time": 1515527900355,
    "isBuyerMaker": true,
    "isBestMatch": true
  },
  {
    "id": 18446753,
    "price": "0.08194500",
    "qty": "0.06500000",
    "time": 1515527900392,
    "isBuyerMaker": true,
    "isBestMatch": true
  },
  {
    "id": 18446754,
    "price": "0.08194500",
    "qty": "0.03600000",
    "time": 1515527900398,
    "isBuyerMaker": true,
    "isBestMatch": true
  },
  {
    "id": 18446755,
    "price": "0.08194500",
    "qty": "0.28400000",
    "time": 1515527900407,
    "isBuyerMaker": true,
    "isBestMatch": true
  },
  {
    "id": 18446756,
    "price": "0.08203500",
    "qty": "0.04200000",
    "time": 1515527900986,
    "isBuyerMaker": false,
    "isBestMatch": true
  },
  {
    "id": 18446757,
    "price": "0.08194500",
    "qty": "0.57900000",
    "time": 1515527901034,
    "isBuyerMaker": true,
    "isBestMatch": true
  },
  {
    "id": 18446758,
    "price": "0.08194500",
    "qty": "0.41100000",
    "time": 1515527901209,
    "isBuyerMaker": true,
    "isBestMatch": true
  },
  {
    "id": 18446759,
    "price": "0.08194500",
    "qty": "0.37800000",
    "time": 1515527901779,
    "isBuyerMaker": true,
    "isBestMatch": true
  },
  {
    "id": 18446760,
    "price": "0.08203400",
    "qty": "0.49600000",
    "time": 1515527901843,
    "isBuyerMaker": false,
    "isBestMatch": true
  },
  {
    "id": 18446761,
    "price": "0.08202600",
    "qty": "0.06600000",
    "time": 1515527901952,
    "isBuyerMaker": true,
    "isBestMatch": true
  },
  {
    "id": 18446762,
    "price": "0.08194600",
    "qty": "0.49500000",
    "time": 1515527902280,
    "isBuyerMaker": true,
    "isBestMatch": true
  },
  {
    "id": 18446763,
    "price": "0.08199400",
    "qty": "0.00900000",
    "time": 1515527902471,
    "isBuyerMaker": false,
    "isBestMatch": true
  },
  {
    "id": 18446764,
    "price": "0.08203400",
    "qty": "0.46500000",
    "time": 1515527902559,
    "isBuyerMaker": false,
    "isBestMatch": true
  },
  {
    "id": 18446765,
    "price": "0.08202600",
    "qty": "0.44000000",
    "time": 1515527902766,
    "isBuyerMaker": true,
    "isBestMatch": true
  },
  {
    "id": 18446766,
    "price": "0.08202600",
    "qty": "0.22500000",
    "time": 1515527902934,
    "isBuyerMaker": true,
    "isBestMatch": true
  },
  {
    "id": 18446767,
    "price": "0.08195000",
    "qty": "0.01300000",
    "time": 1515527902934,
    "isBuyerMaker": true,
    "isBestMatch": true
  },
  {
    "id": 18446768,
    "price": "0.08195000",
    "qty": "0.18000000",
    "time": 1515527903122,
    "isBuyerMaker": true,
    "isBestMatch": true
  },
  {
    "id": 18446769,
    "price": "0.08195000",
    "qty": "0.98200000",
    "time": 1515527903172,
    "isBuyerMaker": true,
    "isBestMatch": true
  },
  {
    "id": 18446770,
    "price": "0.08195000",
    "qty": "0.57700000",
    "time": 1515527903322,
    "isBuyerMaker": true,
    "isBestMatch": true
  },
  {
    "id": 18446771,
    "price": "0.08203400",
    "qty": "0.14700000",
    "time": 1515527903528,
    "isBuyerMaker": false,
    "isBestMatch": true
  },
  {
    "id": 18446772,
    "price": "0.08195000",
    "qty": "0.33800000",
    "time": 1515527904127,
    "isBuyerMaker": true,
    "isBestMatch": true
  },
  {
    "id": 18446773,
    "price": "0.08195000",
    "qty": "4.51000000",
    "time": 1515527904127,
    "isBuyerMaker": true,
    "isBestMatch": true
  },
  {
    "id": 18446774,
    "price": "0.08203400",
    "qty": "0.17400000",
    "time": 1515527904337,
    "isBuyerMaker": false,
    "isBestMatch": true
  },
  {
    "id": 18446775,
    "price": "0.08202600",
    "qty": "0.98000000",
    "time": 1515527904337,
    "isBuyerMaker": true,
    "isBestMatch": true
  },
  {
    "id": 18446776,
    "price": "0.08202600",
    "qty": "0.00100000",
    "time": 1515527904413,
    "isBuyerMaker": true,
    "isBestMatch": true
  },
  {
    "id": 18446777,
    "price": "0.08195000",
    "qty": "0.04800000",
    "time": 1515527904413,
    "isBuyerMaker": true,
    "isBestMatch": true
  },
  {
    "id": 18446778,
    "price": "0.08195000",
    "qty": "0.21900000",
    "time": 1515527904414,
    "isBuyerMaker": true,
    "isBestMatch": true
  },
  {
    "id": 18446779,
    "price": "0.08195000",
    "qty": "0.53800000",
    "time": 1515527904414,
    "isBuyerMaker": true,
    "isBestMatch": true
  },
  {
    "id": 18446780,
    "price": "0.08195000",
    "qty": "0.42300000",
    "time": 1515527904428,
    "isBuyerMaker": true,
    "isBestMatch": true
  }
]